@article{mapreduce,
 author = {Dean, Jeffrey and Ghemawat, Sanjay},
 title = {MapReduce: Simplified Data Processing on Large Clusters},
 journal = {Commun. ACM},
 issue_date = {January 2008},
 volume = {51},
 number = {1},
 month = jan,
 year = {2008},
 issn = {0001-0782},
 pages = {107--113},
 numpages = {7},
 url = {http://doi.acm.org/10.1145/1327452.1327492},
 doi = {10.1145/1327452.1327492},
 acmid = {1327492},
 publisher = {ACM},
 address = {New York, NY, USA},
}

@article{mapreduce2,
 author = {Dean, Jeffrey and Ghemawat, Sanjay},
 title = {MapReduce: A Flexible Data Processing Tool},
 journal = {Commun. ACM},
 issue_date = {January 2010},
 volume = {53},
 number = {1},
 month = jan,
 year = {2010},
 issn = {0001-0782},
 pages = {72--77},
 numpages = {6},
 url = {http://doi.acm.org/10.1145/1629175.1629198},
 doi = {10.1145/1629175.1629198},
 acmid = {1629198},
 publisher = {ACM},
 address = {New York, NY, USA},
}

@article{mapreduce-revisited,
  title={Google’s MapReduce programming model—Revisited},
  author={L{\"a}mmel, Ralf},
  journal={Science of computer programming},
  volume={70},
  number={1},
  pages={1--30},
  year={2008},
  publisher={Elsevier}
}


@inproceedings{eden,
 author = {Loogen, Rita},
 title = {Eden --- Parallel Functional Programming with Haskell},
 booktitle = {Proceedings of the 4th Summer School Conference on Central European Functional Programming School},
 series = {CEFP'11},
 year = {2012},
 isbn = {978-3-642-32095-8},
 location = {Budapest, Hungary},
 pages = {142--206},
 numpages = {65},
 url = {http://dx.doi.org/10.1007/978-3-642-32096-5_4},
 doi = {10.1007/978-3-642-32096-5_4},
 acmid = {2363411},
 publisher = {Springer-Verlag},
 address = {Berlin, Heidelberg},
} 

@article{Huda89,
 BIBITEMLABEL = "Hud89",
 AUTHOR = "Hudak, P.",
 TITLE = "Conception, Evolution, And Application of Functional Programming Languages",
 JOURNAL = "{ACM} Computing Surveys",
 YEAR = 1989,
 VOLUME = 21,
 NUMBER = 3,
 PAGES = "359--411"
}

@article{cloudcomputing,
 author = {Armbrust, Michael and Fox, Armando and Griffith, Rean and Joseph, Anthony D. and Katz, Randy and Konwinski, Andy and Lee, Gunho and Patterson, David and Rabkin, Ariel and Stoica, Ion and Zaharia, Matei},
 title = {A View of Cloud Computing},
 journal = {Commun. ACM},
 issue_date = {April 2010},
 volume = {53},
 number = {4},
 month = apr,
 year = {2010},
 issn = {0001-0782},
 pages = {50--58},
 numpages = {9},
 url = {http://doi.acm.org/10.1145/1721654.1721672},
 doi = {10.1145/1721654.1721672},
 acmid = {1721672},
 publisher = {ACM},
 address = {New York, NY, USA},
}

@inproceedings{mesos,
 author = {Hindman, Benjamin and Konwinski, Andy and Zaharia, Matei and Ghodsi, Ali and Joseph, Anthony D. and Katz, Randy and Shenker, Scott and Stoica, Ion},
 title = {Mesos: A Platform for Fine-grained Resource Sharing in the Data Center},
 booktitle = {Proceedings of the 8th USENIX Conference on Networked Systems Design and Implementation},
 series = {NSDI'11},
 year = {2011},
 location = {Boston, MA},
 pages = {295--308},
 numpages = {14},
 url = {http://dl.acm.org/citation.cfm?id=1972457.1972488},
 acmid = {1972488},
 publisher = {USENIX Association},
 address = {Berkeley, CA, USA},
} 

@inproceedings{beowulf,
  title={BEOWULF: A parallel workstation for scientific computation},
  author={Becker, Donald J and Sterling, Thomas and Savarese, Daniel and Dorband, John E and Ranawak, Udaya A and Packer, Charles V},
  booktitle={Proceedings, International Conference on Parallel Processing},
  volume={95},
  year={1995}
}

@article{cluster-computing,
  title={Cluster computing: the commodity supercomputer},
  author={Baker, Mark and Buyya, Rajkumar},
  journal={Software-Practice and Experience},
  volume={29},
  number={6},
  pages={551--76},
  year={1999},
  publisher={London, New York, Wiley Interscience [etc.]}
}
